@article{acharya_endogenous_2011,
    author = {Acharya, Viral V and DeMarzo, Peter and Kremer, Ilan},
    doi = {10.1257/aer.101.7.2955},
    issn = {0002-8282},
    journal = {American Economic Review},
    month = {December},
    number = {7},
    pages = {2955--2979},
    title = {{E}ndogenous {I}nformation {F}lows and the {C}lustering of {A}nnouncements},
    volume = {101},
    year = {2011}
}

@article{ali_reselling_2020,
    author = {Ali, S. Nageeb and Chen-Zion, Ayal and Lillethun, Erik},
    journal = {arXiv:2004.01788 [cs, econ]},
    month = {April},
    note = {arXiv: 2004.01788},
    title = {{R}eselling {I}nformation},
    year = {2020}
}

@article{attar_competing_2019,
    author = {Attar, Andrea and Campioni, Eloisa and Mariotti, Thomas and Piaser, Gwena{\"e}l},
    doi = {10.2139/ssrn.3399541},
    issn = {1556-5068},
    journal = {SSRN Electronic Journal},
    shorttitle = {Competing Mechanisms and Folk Theorems},
    title = {{C}ompeting {M}echanisms and {F}olk {T}heorems: {T}wo {E}xamples},
    year = {2019}
}

@article{baccara_optimal_2020,
    author = {Baccara, Mariagiovanna and Lee, SangMok and Yariv, Leeat},
    doi = {10.3982/TE3740},
    issn = {1933-6837},
    journal = {Theoretical Economics},
    number = {3},
    pages = {1221--1278},
    title = {{O}ptimal dynamic matching},
    volume = {15},
    year = {2020}
}

@article{battaglini_multiple_2002,
    author = {Battaglini, Marco},
    doi = {10.1111/1468-0262.00336},
    issn = {1468-0262},
    journal = {Econometrica},
    month = {July},
    number = {4},
    pages = {1379--1401},
    title = {{M}ultiple {R}eferrals and {M}ultidimensional {C}heap {T}alk},
    volume = {70},
    year = {2002}
}

@article{ben-porath_disclosure_2018,
    author = {Ben-Porath, Elchanan and Dekel, Eddie and Lipman, Barton L},
    doi = {10.1093/restud/rdx064},
    issn = {0034-6527, 1467-937X},
    journal = {The Review of Economic Studies},
    month = {July},
    number = {3},
    pages = {1471--1501},
    title = {{D}isclosure and {C}hoice},
    volume = {85},
    year = {2018}
}

@article{ben-porath_mechanisms_2019,
    author = {Ben-Porath, Elchanan and Dekel, Eddie and Lipman, Barton L.},
    doi = {10.3982/ECTA14991},
    issn = {0012-9682},
    journal = {Econometrica},
    number = {2},
    pages = {529--566},
    shorttitle = {Mechanisms With Evidence},
    title = {{M}echanisms {W}ith {E}vidence: {C}ommitment and {R}obustness},
    volume = {87},
    year = {2019}
}

@article{bergemann_design_2018,
    author = {Bergemann, Dirk and Bonatti, Alessandro and Smolin, Alex},
    doi = {10.1257/aer.20161079},
    issn = {0002-8282},
    journal = {American Economic Review},
    month = {January},
    number = {1},
    pages = {1--48},
    title = {{T}he {D}esign and {P}rice of {I}nformation},
    volume = {108},
    year = {2018}
}

@article{bergemann_dynamic_2010,
    author = {Bergemann, Dirk and V{\"a}lim{\"a}ki, Juuso},
    journal = {Econometrica},
    note = {Publisher: Wiley Online Library},
    number = {2},
    pages = {771--789},
    title = {{T}he dynamic pivot mechanism},
    volume = {78},
    year = {2010}
}

@article{bergemann_dynamic_2019,
    author = {Bergemann, Dirk and V{\"a}lim{\"a}ki, Juuso},
    doi = {10.1257/jel.20180892},
    issn = {0022-0515},
    journal = {Journal of Economic Literature},
    month = {June},
    number = {2},
    pages = {235--274},
    shorttitle = {Dynamic Mechanism Design},
    title = {{D}ynamic {M}echanism {D}esign: {A}n {I}ntroduction},
    volume = {57},
    year = {2019}
}

@article{bergemann_information_2019,
    author = {Bergemann, Dirk and Morris, Stephen},
    doi = {10.1257/jel.20181489},
    issn = {0022-0515},
    journal = {Journal of Economic Literature},
    month = {March},
    number = {1},
    pages = {44--95},
    shorttitle = {Information Design},
    title = {{I}nformation {D}esign: {A} Unified {P}erspective},
    volume = {57},
    year = {2019}
}

@unpublished{best_persuasion_2020,
    author = {Best, James and Quigley, Daniel},
    title = {{P}ersuasion for the {L}ong {R}un},
    url = {https://papers.ssrn.com/sol3/papers.cfm?abstract\_id=2908115},
    year = {2020}
}

@unpublished{bhaskar_stores_2021,
    author = {Bhaskar, V and Roketskiy, Nikita},
    title = {{S}tores versus {S}torage},
    url = {https://editorialexpress.com/cgi-bin/conference/download.cgi?db\_name=IIOC2021\&paper\_id=126},
    year = {2021}
}

@article{bondi_signal_2020,
    author = {Bondi, Elizabeth and Oh, Hoon and Xu, Haifeng and Fang, Fei and Dilkina, Bistra and Tambe, Milind},
    doi = {10.1609/aaai.v34i02.5493},
    issn = {2374-3468, 2159-5399},
    journal = {Proceedings of the AAAI Conference on Artificial Intelligence},
    month = {April},
    number = {02},
    pages = {1369--1377},
    shorttitle = {To Signal or Not To Signal},
    title = {{T}o {S}ignal or {N}ot {T}o {S}ignal: {E}xploiting {U}ncertain {R}eal-{T}ime {I}nformation in {S}ignaling {G}ames for {S}ecurity and {S}ustainability},
    volume = {34},
    year = {2020}
}

@article{borgers_robust_2014,
    author = {B{\"o}rgers, Tilman and Smith, Doug},
    copyright = {Copyright \textcopyright  2014 Tilman B{\"o}rgers and Doug Smith},
    doi = {https://doi.org/10.3982/TE1111},
    issn = {1555-7561},
    journal = {Theoretical Economics},
    note = {\_eprint: https://onlinelibrary.wiley.com/doi/pdf/10.3982/TE1111},
    number = {2},
    pages = {339--360},
    title = {{R}obust mechanism design and dominant strategy voting rules},
    volume = {9},
    year = {2014}
}

@article{cabrales_crema_2003,
    author = {Cabrales, Antonio and Calv{\'o}-Armengol, Antoni and Jackson, Matthew O.},
    journal = {Journal of Political Economy},
    note = {Publisher: The University of Chicago Press},
    number = {2},
    pages = {425--458},
    shorttitle = {La crema},
    title = {{L}a crema: {A} case study of mutual fire insurance},
    volume = {111},
    year = {2003}
}

@article{chen_equivalence_2019,
    author = {Chen, Yi-Chun and He, Wei and Li, Jiangtao and Sun, Yeneng},
    doi = {10.3982/ECTA14698},
    issn = {0012-9682},
    journal = {Econometrica},
    number = {4},
    pages = {1367--1390},
    title = {{E}quivalence of {S}tochastic and {D}eterministic {M}echanisms},
    volume = {87},
    year = {2019}
}

@article{clarke_multipart_1971,
    author = {Clarke, Edward H.},
    journal = {Public choice},
    note = {Publisher: JSTOR},
    pages = {17--33},
    title = {{M}ultipart pricing of public goods},
    year = {1971}
}

@article{crawford_strategic_1982,
    author = {Crawford, Vincent P and Sobel, Joel},
    journal = {Econometrica},
    number = {6},
    pages = {1431--1451},
    title = {{S}trategic {I}nformation {T}ransmission},
    volume = {50},
    year = {1982}
}

@misc{dekel_evidence_2016,
    author = {Dekel, Eddie},
    note = {Econometric Society Presidential Address},
    title = {{O}n {E}vidence in {G}ames and {M}echanism {D}esign},
    year = {2016}
}

@article{dranove_quality_2010,
    author = {Dranove, David and Jin, Ginger Zhe},
    doi = {10.2307/29779704},
    issn = {0022-0515},
    journal = {Journal of Economic Literature},
    number = {4},
    pages = {935--963},
    shorttitle = {Quality Disclosure and Certification},
    title = {{Q}uality {D}isclosure and {C}ertification: {T}heory and {P}ractice},
    volume = {48},
    year = {2010}
}

@article{duggan_implementing_2002,
    author = {Duggan, John and Roberts, Joanne},
    doi = {10.1257/00028280260344614},
    issn = {0002-8282},
    journal = {American Economic Review},
    month = {September},
    number = {4},
    pages = {1070--1078},
    title = {{I}mplementing the {E}fficient {A}llocation of {P}ollution},
    volume = {92},
    year = {2002}
}

@article{dye_disclosure_1985,
    author = {Dye, Ronald A.},
    journal = {Journal of accounting research},
    pages = {123--145},
    title = {{D}isclosure of nonproprietary information},
    year = {1985}
}

@misc{ewerhart_german_2002,
    address = {Rochester, NY},
    author = {Ewerhart, Christian and Moldovanu, Benny},
    doi = {10.2139/ssrn.306261},
    month = {March},
    shorttitle = {The German Umts Design},
    title = {{T}he {G}erman {U}mts {D}esign: {I}nsights from {M}ulti-{O}bject {A}uction {T}heory},
    type = {SSRN Scholarly Paper},
    url = {https://papers.ssrn.com/abstract=306261},
    year = {2002}
}

@article{eyster_cursed_2005,
    author = {Eyster, Erik and Rabin, Matthew},
    doi = {10.1111/j.1468-0262.2005.00631.x},
    issn = {0012-9682, 1468-0262},
    journal = {Econometrica},
    month = {September},
    number = {5},
    pages = {1623--1672},
    title = {{C}ursed {E}quilibrium},
    volume = {73},
    year = {2005}
}

@article{geanakoplos_three_2005,
    author = {Geanakoplos, John},
    doi = {10.1007/s00199-004-0556-7},
    issn = {0938-2259, 1432-0479},
    journal = {Economic Theory},
    month = {July},
    number = {1},
    pages = {211--215},
    shorttitle = {Three brief proofs of Arrow?},
    title = {{T}hree brief proofs of {A}rrow\textquotesingle s {I}mpossibility {T}heorem},
    volume = {26},
    year = {2005}
}

@misc{gershkov_optimal_2022,
    address = {Rochester, NY},
    author = {Gershkov, Alex and Moldovanu, Benny and Strack, Philipp and Zhang, Mengxi},
    doi = {10.2139/ssrn.4174410},
    month = {July},
    shorttitle = {Optimal Insurance},
    title = {{O}ptimal {I}nsurance: {D}ual {U}tility, {R}andom {L}osses and {A}dverse {S}election},
    type = {SSRN Scholarly Paper},
    url = {https://papers.ssrn.com/abstract=4174410},
    year = {2022}
}

@article{gibbard_manipulation_1973,
    author = {Gibbard, Allan},
    journal = {Econometrica: journal of the Econometric Society},
    pages = {587--601},
    shorttitle = {Manipulation of voting schemes},
    title = {{M}anipulation of voting schemes: a general result},
    year = {1973}
}

@article{grossman_disclosure_1980,
    author = {Grossman, Sanford J. and Hart, Oliver D.},
    journal = {The Journal of Finance},
    number = {2},
    pages = {323--334},
    title = {{D}isclosure laws and takeover bids},
    volume = {35},
    year = {1980}
}

@article{grossman_informational_1981,
    author = {Grossman, Sanford J.},
    journal = {The Journal of Law and Economics},
    number = {3},
    pages = {461--483},
    title = {{T}he informational role of warranties and private disclosure about product quality},
    volume = {24},
    year = {1981}
}

@article{groves_incentives_1973,
    author = {Groves, Theodore},
    journal = {Econometrica: Journal of the Econometric Society},
    pages = {617--631},
    title = {{I}ncentives in teams},
    year = {1973}
}

@techreport{guo_dynamic_2018,
    author = {Guo, Yingni and H{\"o}rner, Johannes},
    title = {{D}ynamic allocation without money},
    year = {2018}
}

@article{hart_evidence_2017,
    author = {Hart, Sergiu and Kremer, Ilan and Perry, Motty},
    doi = {10.1257/aer.20150913},
    issn = {0002-8282},
    journal = {American Economic Review},
    month = {March},
    number = {3},
    pages = {690--713},
    shorttitle = {Evidence Games},
    title = {{E}vidence {G}ames: {T}ruth and {C}ommitment},
    volume = {107},
    year = {2017}
}

@techreport{holmstrom_theory_1980,
    author = {Holmstrom, Bengt},
    number = {438},
    title = {{O}n the theory of delegation},
    type = {Discussion Papers},
    url = {https://EconPapers.repec.org/RePEc:nwu:cmsems:438},
    year = {1980}
}

@article{jin_is_2021,
    author = {Jin, Ginger Zhe and Luca, Michael and Martin, Daniel},
    doi = {10.1257/mic.20180217},
    issn = {1945-7669},
    journal = {American Economic Journal: Microeconomics},
    month = {May},
    number = {2},
    pages = {141--173},
    shorttitle = {Is No News (Perceived As) Bad News?},
    title = {{I}s {N}o {N}ews ({P}erceived {A}s) {B}ad {N}ews? {A}n {E}xperimental {I}nvestigation of {I}nformation {D}isclosure},
    volume = {13},
    year = {2021}
}

@article{jung_disclosure_1988,
    author = {Jung, Woon-Oh and Kwon, Young K.},
    doi = {10.2307/2491118},
    issn = {00218456},
    journal = {Journal of Accounting Research},
    number = {1},
    pages = {146},
    title = {{D}isclosure {W}hen the {M}arket {I}s {U}nsure of {I}nformation {E}ndowment of {M}anagers},
    volume = {26},
    year = {1988}
}

@article{kaiser_athenian_2007,
    author = {Kaiser, Brooks A.},
    journal = {The Journal of economic history},
    number = {2},
    pages = {445--480},
    shorttitle = {The Athenian trierarchy},
    title = {{T}he {A}thenian trierarchy: {M}echanism design for the private provision of public goods},
    volume = {67},
    year = {2007}
}

@article{kamenica_bayesian_2019,
    author = {Kamenica, Emir},
    doi = {10.1146/annurev-economics-080218-025739},
    issn = {1941-1383, 1941-1391},
    journal = {Annual Review of Economics},
    month = {August},
    number = {1},
    pages = {249--272},
    title = {{B}ayesian {P}ersuasion and {I}nformation {D}esign},
    volume = {11},
    year = {2019}
}

@article{kelso_job_1982,
    author = {Kelso, Alexander S. and Crawford, Vincent P.},
    journal = {Econometrica: Journal of the Econometric Society},
    pages = {1483--1504},
    title = {{J}ob matching, coalition formation, and gross substitutes},
    year = {1982}
}

@article{kleiner_extreme_2021,
    author = {Kleiner, Andreas and Moldovanu, Benny and Strack, Philipp},
    doi = {10.3982/ECTA18312},
    issn = {1468-0262},
    journal = {Econometrica},
    number = {4},
    pages = {1557--1593},
    shorttitle = {Extreme Points and Majorization},
    title = {{E}xtreme {P}oints and {M}ajorization: {E}conomic {A}pplications},
    volume = {89},
    year = {2021}
}

@article{krishna_convex_2001,
    author = {Krishna, Vijay and Maenner, Eliot},
    journal = {Econometrica},
    number = {4},
    pages = {1113--1119},
    title = {{C}onvex potentials with an application to mechanism design},
    volume = {69},
    year = {2001}
}

@article{krishna_efficient_2000,
    author = {Krishna, Vijay and Perry, Motty},
    doi = {10.2139/ssrn.64934},
    issn = {1556-5068},
    journal = {SSRN Electronic Journal},
    title = {{E}fficient {M}echanism {D}esign},
    year = {2000}
}

@article{li_power_2017,
    author = {Li, Jin and Matouschek, Niko and Powell, Michael},
    doi = {10.1257/mic.20150138},
    journal = {American Economic Journal: Microeconomics},
    number = {1},
    pages = {217--41},
    title = {{P}ower {D}ynamics in {O}rganizations},
    volume = {9},
    year = {2017}
}

@misc{little_bayesian_2022,
    author = {Little, Andrew T.},
    doi = {10.31219/osf.io/ygw8e},
    month = {May},
    publisher = {OSF Preprints},
    title = {{B}ayesian {E}xplanations for {P}ersuasion},
    url = {https://osf.io/ygw8e/},
    year = {2022}
}

@article{liu_stability_2020,
    author = {Liu, Qingmin},
    doi = {10.1257/aer.20181186},
    issn = {0002-8282},
    journal = {American Economic Review},
    month = {August},
    number = {8},
    pages = {2625--66},
    title = {{S}tability and {B}ayesian {C}onsistency in {T}wo-{S}ided {M}arkets},
    volume = {110},
    year = {2020}
}

@article{lopomo_uncertainty_2020,
    author = {Lopomo, Giuseppe and Rigotti, Luca and Shannon, Chris},
    doi = {10.1016/j.jet.2020.105088},
    issn = {0022-0531},
    journal = {Journal of Economic Theory},
    month = {July},
    pages = {105088},
    title = {{U}ncertainty and robustness of surplus extraction},
    year = {2020}
}

@article{manelli_multidimensional_2007,
    author = {Manelli, Alejandro M. and Vincent, Daniel R.},
    doi = {10.1016/j.jet.2006.12.007},
    issn = {0022-0531},
    journal = {Journal of Economic Theory},
    month = {November},
    number = {1},
    pages = {153--185},
    shorttitle = {Multidimensional mechanism design},
    title = {{M}ultidimensional mechanism design: {R}evenue maximization and the multiple-good monopoly},
    volume = {137},
    year = {2007}
}

@article{milgrom_good_1981,
    author = {Milgrom, Paul R.},
    journal = {The Bell Journal of Economics},
    pages = {380--391},
    shorttitle = {Good news and bad news},
    title = {{G}ood news and bad news: {R}epresentation theorems and applications},
    year = {1981}
}

@article{milgrom_relying_1986,
    author = {Milgrom, Paul and Roberts, John},
    doi = {10.2307/2555625},
    issn = {0741-6261},
    journal = {The RAND Journal of Economics},
    number = {1},
    pages = {18--32},
    title = {{R}elying on the {I}nformation of {I}nterested {P}arties},
    volume = {17},
    year = {1986}
}

@article{montero_simple_2008,
    author = {Montero, Juan-Pablo},
    doi = {10.1257/aer.98.1.496},
    issn = {0002-8282},
    journal = {American Economic Review},
    month = {March},
    number = {1},
    pages = {496--518},
    title = {{A} Simple {A}uction {M}echanism for the {O}ptimal {A}llocation of the {C}ommons},
    volume = {98},
    year = {2008}
}

@article{murooka_consumer_2019,
    author = {Murooka, Takeshi and Schwarz, Marco A.},
    journal = {Economics Letters},
    pages = {89--92},
    title = {{C}onsumer exploitation and notice periods},
    volume = {174},
    year = {2019}
}

@article{pavan_dynamic_2014,
    author = {Pavan, Alessandro and Segal, Ilya and Toikka, Juuso},
    doi = {10.3982/ECTA10269},
    journal = {Econometrica},
    number = {2},
    pages = {601--653},
    title = {{D}ynamic mechanism design: a myersonian approach},
    volume = {82},
    year = {2014}
}

@article{rochet_necessary_1987,
    author = {Rochet, Jean-Charles},
    journal = {Journal of mathematical Economics},
    number = {2},
    pages = {191--200},
    title = {{A} necessary and sufficient condition for rationalizability in a quasi-linear context},
    volume = {16},
    year = {1987}
}

@article{roth_incentive_1982,
    author = {Roth, Alvin E.},
    doi = {10.1016/0165-1765(82)90003-9},
    issn = {0165-1765},
    journal = {Economics Letters},
    month = {January},
    number = {2},
    pages = {127--132},
    title = {{I}ncentive compatibility in a market with indivisible goods},
    volume = {9},
    year = {1982}
}

@article{satterthwaite_strategy-proofness_1975,
    author = {Satterthwaite, Mark Allen},
    journal = {Journal of economic theory},
    number = {2},
    pages = {187--217},
    shorttitle = {Strategy-proofness and Arrow\textquotesingle s conditions},
    title = {{S}trategy-proofness and {A}rrow\textquotesingle s conditions: {E}xistence and correspondence theorems for voting procedures and social welfare functions},
    volume = {10},
    year = {1975}
}

@article{schummer_assignment_2013,
    author = {Schummer, James and Vohra, Rakesh V.},
    doi = {10.1257/mic.5.2.164},
    issn = {1945-7669},
    journal = {American Economic Journal: Microeconomics},
    month = {May},
    number = {2},
    pages = {164--185},
    title = {{A}ssignment of {A}rrival {S}lots},
    volume = {5},
    year = {2013}
}

@article{schummer_incentives_2017,
    author = {Schummer, James and Abizada, Azar},
    doi = {10.1016/j.jet.2017.04.003},
    issn = {0022-0531},
    journal = {Journal of Economic Theory},
    month = {July},
    pages = {29--55},
    title = {{I}ncentives in landing slot problems},
    volume = {170},
    year = {2017}
}

@article{shin_disclosures_2003,
    author = {Shin, Hyun Song},
    journal = {Econometrica},
    number = {1},
    pages = {105--133},
    title = {{D}isclosures and asset returns},
    volume = {71},
    year = {2003}
}

@article{smirnov_bad_2022,
    author = {Smirnov, Aleksei and Starkov, Egor},
    doi = {10.1257/mic.20190379},
    issn = {1945-7669},
    journal = {American Economic Journal: Microeconomics},
    month = {May},
    number = {2},
    pages = {506--560},
    shorttitle = {Bad News Turned Good},
    title = {{B}ad {N}ews {T}urned {G}ood: {R}eversal under {C}ensorship},
    volume = {14},
    year = {2022}
}

@article{sugaya_revelation_2021,
    author = {Sugaya, Takuo and Wolitzky, Alexander},
    journal = {The Review of Economic Studies},
    number = {3},
    pages = {1503--1540},
    title = {{T}he revelation principle in multistage games},
    volume = {88},
    year = {2021}
}

@article{svensson_proof_2014,
    author = {Svensson, Lars-Gunnar and Reffgen, Alexander},
    journal = {Journal of Mathematical Economics},
    pages = {11--14},
    title = {{T}he proof of the {G}ibbard\textendash {S}atterthwaite theorem revisited},
    volume = {55},
    year = {2014}
}

@article{thomas_income_1990,
    author = {Thomas, Jonathan and Worrall, Tim},
    journal = {Journal of Economic Theory},
    number = {2},
    pages = {367--390},
    shorttitle = {Income fluctuation and asymmetric information},
    title = {{I}ncome fluctuation and asymmetric information: {A}n example of a repeated principal-agent problem},
    volume = {51},
    year = {1990}
}

@article{van_damme_european_2002,
    author = {van Damme, Eric},
    doi = {10.1016/S0014-2921(01)00219-7},
    issn = {0014-2921},
    journal = {European Economic Review},
    month = {May},
    number = {4},
    pages = {846--858},
    title = {{T}he {E}uropean {U}MT{S}-auctions},
    volume = {46},
    year = {2002}
}

@article{verrecchia_discretionary_1983,
    author = {Verrecchia, Robert E.},
    doi = {10.1016/0165-4101(83)90011-3},
    issn = {0165-4101},
    journal = {Journal of Accounting and Economics},
    month = {January},
    pages = {179--194},
    title = {{D}iscretionary disclosure},
    volume = {5},
    year = {1983}
}

@article{xu_strategic_2018,
    author = {Xu, Haifeng and Wang, Kai and Vayanos, Phebe and Tambe, Milind},
    doi = {10.1609/aaai.v32i1.11447},
    issn = {2374-3468, 2159-5399},
    journal = {Proceedings of the AAAI Conference on Artificial Intelligence},
    month = {April},
    number = {1},
    title = {{S}trategic {C}oordination of {H}uman {P}atrollers and {M}obile {S}ensors {W}ith {S}ignaling for {S}ecurity {G}ames},
    volume = {32},
    year = {2018}
}

@misc{yan_warn_2019,
    author = {Yan, Chao and Xu, Haifeng and Vorobeychik, Yevgeniy and Li, Bo and Fabbri, Daniel and Malin, Bradley},
    month = {October},
    note = {arXiv:1905.06946 [cs]},
    publisher = {arXiv},
    shorttitle = {To Warn or Not to Warn},
    title = {{T}o {W}arn or {N}ot to {W}arn: {O}nline {S}ignaling in {A}udit {G}ames},
    url = {http://arxiv.org/abs/1905.06946},
    year = {2019}
}
